@misc{naics2022,
    title = {{2002 NAICS Definition}},
    year = {2022},
    author = {{US Census Bureau}},
    url = {https://www.census.gov/naics/2002NAICS/2002_Definition_File.pdf}
}

@misc{nsf2022a,
    title = {{2016 BRDI-1(S) - Guidelines}},
    year = {2022},
    author = {{National Science Foundation}},
    url = {https://www.nsf.gov/statistics/srvyindustry/about/brdis/%20surveys/srvybrdis-2016-BRDI-1S-instructions.pdf}
}

@article{epa2012,
    title = {{2017 and Later Model Year Light-Duty Vehicle Greenhouse Gas Emissions and Corporate Average Fuel Economy Standards}},
    year = {2012},
    journal = {Federal Register},
    author = {{EPA} and {NHTSA}},
    number = {199},
    month = {10},
    volume = {77},
    url = {www.regulations.gov}
}

@techreport{dowlatabadi1996,
    title = {{A free lunch at higher CAFE? A review of economic, environmental and social benefits}},
    year = {1996},
    booktitle = {S Energy P{\&}y},
    author = {Dowlatabadi, Hadi and Lave, Lester B and Russell, Armistead G},
    number = {95},
    pages = {253--264},
    volume = {24},
    keywords = {Air pollution, Energy economics, Ke{\_}vwor{\&} Automobiles}
}

@article{keeffe2016,
    title = {{A network approach to overcoming barriers to market engagement for SMEs in energy efficiency initiatives such as the Green Deal}},
    year = {2016},
    journal = {Energy Policy},
    author = {O'Keeffe, Juliette M. and Gilmour, Daniel and Simpson, Edward},
    month = {10},
    pages = {582--590},
    volume = {97},
    publisher = {Elsevier Ltd},
    doi = {10.1016/j.enpol.2016.08.006},
    issn = {03014215},
    keywords = {Energy efficiency, Green Deal, Market-led, Network, SME}
}

@techreport{timilsina2009,
    title = {{A Review of Regulatory Instruments to Control Environmental Externalities from the Transport Sector}},
    year = {2009},
    author = {Timilsina, Govinda R and Dulal, Hari B},
    url = {http://econ.worldbank.org.}
}

@article{geroe2019,
    title = {{Addressing Climate Change Through a Low-Cost, High-Impact Carbon Tax}},
    year = {2019},
    journal = {Journal of Environment and Development},
    author = {Geroe, Steven},
    number = {1},
    month = {3},
    pages = {3--27},
    volume = {28},
    publisher = {SAGE Publications Inc.},
    doi = {10.1177/1070496518821152},
    issn = {15525465},
    keywords = {carbon tax, climate change, distributionally neutral, emissions reduction, high impact, international experience, low cost, revenue neutral, review}
}

@article{fontagne2005,
    title = {{An assessment of environmentally-related non-tariff measures}},
    year = {2005},
    journal = {The World Economy},
    author = {Fontagn{\'{e}}, Lionel and von Kirchbach, Friedrich and Mimouni, Mondher},
    number = {10},
    pages = {1417--1439},
    volume = {28}
}

@article{lipman2017,
    title = {{Annual Review of Environment and Resources Emerging Technologies for Higher Fuel Economy Automobile Standards}},
    year = {2017},
    author = {Lipman, Timothy E},
    url = {https://doi.org/10.1146/annurev-environ-},
    doi = {10.1146/annurev-environ}
}

@misc{bls2022,
    title = {{Annual total factor productivity and related measures for detailed industries}},
    year = {2022},
    author = {{US Bureau of Labor Statistics}},
    url = {https://www.bls.gov/productivity/tables/}
}

@misc{ministerointerno,
    title = {{Archivio degli open-data}},
    year = {2024},
    author = {{Ministero per gli Affari Interni e Territoriali}},
    url = {https://dait.interno.gov.it/elezioni/open-data}
}

@article{choma2020,
    title = {{Assessing the health impacts of electric vehicles through air pollution in the United States}},
    year = {2020},
    journal = {Environment International},
    author = {Choma, Ernani F. and Evans, John S. and Hammitt, James K. and G{\'{o}}mez-Ib{\'{a}}{\~{n}}ez, José A. and Spengler, John D.},
    month = {11},
    pages = {106015},
    volume = {144},
    publisher = {Pergamon},
    doi = {10.1016/J.ENVINT.2020.106015},
    issn = {0160-4120},
    pmid = {32858467},
    keywords = {Electric vehicles, Environmental health, Greenhouse gases, Health impacts, Intake fraction, Particulate matter}
}

@article{campesi2018,
    title = {{Between containment, confinement and dispersal: the evolution of the Italian reception system before and after the ‘refugee crisis’}},
    year = {2018},
    journal = {Journal of Modern Italian Studies},
    author = {Campesi, Giuseppe},
    number = {4},
    month = {8},
    pages = {490--506},
    volume = {23},
    publisher = {Routledge},
    doi = {10.1080/1354571X.2018.1501995},
    issn = {1354571X},
    keywords = {asylum law, asylum policy, hotspot approach, reception centres, refugee crisis}
}

@article{pichler2021,
    title = {{Beyond the jobs-versus-environment dilemma? Contested social-ecological transformations in the automotive industry}},
    year = {2021},
    journal = {Energy Research and Social Science},
    author = {Pichler, Melanie and Krenmayr, Nora and Maneka, Danyal and Brand, Ulrich and H{\"{o}}gelsberger, Heinz and Wissen, Markus},
    month = {9},
    volume = {79},
    publisher = {Elsevier Ltd},
    doi = {10.1016/j.erss.2021.102180},
    issn = {22146296},
    keywords = {Automotive industry, Cultural political economy, Environmental labor studies, Just transition, Union strategies, Workers’ imaginaries}
}

@article{altindag2020,
    title = {{Blessing or burden? Impacts of refugees on businesses and the informal economy}},
    year = {2020},
    journal = {Journal of Development Economics},
    author = {Altında{\u{g}}, Onur and Bakı{\c{s}}, Ozan and Rozo, Sandra V.},
    month = {9},
    volume = {146},
    publisher = {Elsevier B.V.},
    doi = {10.1016/j.jdeveco.2020.102490},
    issn = {03043878},
    keywords = {Firms, Informality, Migration, Refugees, Turkey}
}

@misc{nsf2022b,
    title = {{Business R{\&}D and Innovation Survey (BRDIS)}},
    year = {2022},
    author = {{National Science Foundation}},
    url = {https://www.nsf.gov/statistics/srvyberd/prior-descriptions/overview-brdis.cfm}
}

@misc{nsf2022d,
    title = {{Business Research and Development Survey (BRDS)}},
    year = {2022},
    author = {{National Science Foundation}},
    url = {https://www.nsf.gov/statistics/srvyberd/#sd&tabs-2}
}

@misc{nsf2022c,
    title = {{Business Research and Development: 2018, Technical Note}},
    year = {2022},
    author = {{National Science Foundation}},
    url = {https://ncses.nsf.gov/pubs/nsf21312#technical-notes}
}

@article{guo2021,
    title = {{Can environmental regulations promote greenhouse gas abatement in oecd countries? Command-and-control vs. market-based policies}},
    year = {2021},
    journal = {Sustainability (Switzerland)},
    author = {Guo, Xu and Fu, Lin and Sun, Xiaohua},
    number = {12},
    month = {6},
    volume = {13},
    publisher = {MDPI AG},
    doi = {10.3390/su13126913},
    issn = {20711050},
    keywords = {Command-and-control environmental regulations, Environmental regulations, GHG emissions, Market-based environmental regulations, OECD}
}

@techreport{aghion2016,
    title = {{Carbon Taxes, Path Dependency, and Directed Technical Change: Evidence from the Auto Industry}},
    year = {2016},
    booktitle = {Journal of Political Economy},
    author = {Aghion, Philippe and Dechezlepr{\^{e}}, Antoine and H{\'{e}}, David and Martin, Ralf and Reenen, John Van and Acemoglu, Daron and Burgess, Robin and Greenstone, Michael and Hassler, John and Henderson, Rebecca and Judd, Ken},
    number = {1},
    volume = {124}
}

@article{knittel2016,
    title = {{Caution, drivers! children present: Traffic, pollution, and infant health}},
    year = {2016},
    journal = {Review of Economics and Statistics},
    author = {Knittel, Christopher R. and Miller, Douglas L. and Sanders, Nicholas J.},
    number = {2},
    month = {5},
    pages = {350--366},
    volume = {98},
    publisher = {MIT Press Journals},
    issn = {15309142}
}

@article{catarci2016,
    title = {{Challenging Interculturalism: The Inclusion of Asylum Seekers and Refugees in Italy}},
    year = {2016},
    journal = {Journal of European Studies},
    author = {Catarci, Marco},
    number = {2},
    pages = {21--33},
    volume = {8},
    url = {http://www.eusanz.org/ANZJES/index.html},
    issn = {1836-1803},
    keywords = {Education, Inclusion, Interculturalism, Italy, Refugees}
}

@article{bowen2018,
    title = {{Characterising green employment: The impacts of ‘greening’ on workforce composition}},
    year = {2018},
    journal = {Energy Economics},
    author = {Bowen, Alex and Kuralbayeva, Karlygash and Tipoe, Eileen L.},
    month = {5},
    pages = {263--275},
    volume = {72},
    publisher = {Elsevier B.V.},
    doi = {10.1016/j.eneco.2018.03.015},
    issn = {01409883},
    keywords = {Green economy, Green employment, Occupational choice, Skills}
}

@article{fermanpinto2020,
    title = {{Cherry Picking with Synthetic Controls}},
    year = {2020},
    journal = {Journal of Policy Analysis and Management},
    author = {Ferman, Bruno and Pinto, Cristine and Possebom, Vitor},
    editor = {Barnow, Burt},
    number = {2},
    month = {3},
    pages = {510--532},
    volume = {39},
    url = {https://onlinelibrary.wiley.com/doi/10.1002/pam.22206},
    doi = {10.1002/pam.22206},
    issn = {0276-8739}
}

@article{austin2005,
    title = {{Clearing the air: The costs and consequences of higher CAFE standards and increased gasoline taxes}},
    year = {2005},
    journal = {Journal of Environmental Economics and Management},
    author = {Austin, David and Dinan, Terry},
    number = {3},
    month = {11},
    pages = {562--582},
    volume = {50},
    doi = {10.1016/j.jeem.2005.05.001},
    issn = {00950696},
    keywords = {CAFE, Climate change, Credit trading, Fuel-economy standards, Gasoline tax}
}

@article{marinvona2019,
    title = {{Climate policies and skill-biased employment dynamics: Evidence from EU countries}},
    year = {2019},
    journal = {Journal of Environmental Economics and Management},
    author = {Marin, Giovanni and Vona, Francesco},
    month = {11},
    volume = {98},
    publisher = {Academic Press Inc.},
    doi = {10.1016/j.jeem.2019.102253},
    issn = {10960449},
    keywords = {Climate policies, Cluster analysis, Employment impacts, Energy prices, Shift-share instruments, Workforce skills}
}

@article{wang2021,
    title = {{Community Pressure and the Spatial Redistribution of Pollution: The Relocation of Toxic-Releasing Facilities}},
    year = {2021},
    journal = {JAERE},
    author = {Wang, Xiao and Deltas, George and Khanna, Madhu and Bi, Xiang},
    number = {3},
    volume = {8},
    doi = {10.7910/DVN/VIJJK8},
    keywords = {environmental injustice, relocation, toxic release inventory}
}

@article{abadie2015,
    title = {{Comparative Politics and the Synthetic Control Method}},
    year = {2015},
    journal = {American Journal of Political Science},
    author = {Abadie, Alberto and Diamond, Alexis and Hainmueller, Jens},
    number = {2},
    month = {4},
    pages = {495--510},
    volume = {59},
    publisher = {Blackwell Publishing Ltd},
    doi = {10.1111/ajps.12116},
    issn = {15405907},
    keywords = {Comparative case studies, Difference-in-differences, German reunification, Matching, Synthetic control method}
}

@article{kulk2019,
    title = {{Competitive advantage in the renewable energy industry: Evidence from a gravity model}},
    year = {2019},
    journal = {Renewable Energy},
    author = {Kuik, Onno and Branger, Frédéric and Quirion, Philippe},
    month = {2},
    pages = {472--481},
    volume = {131},
    publisher = {Elsevier Ltd},
    doi = {10.1016/j.renene.2018.07.046},
    issn = {18790682},
    keywords = {Competitive advantage, Gravity model, Green growth, Solar PV industry, Wind industry}
}

@article{aakko2020,
    title = {{Comprehensive emission characterisation of exhaust from alternative fuelled cars}},
    year = {2020},
    journal = {Atmospheric Environment},
    author = {Aakko-Saksa, P. and Koponen, P. and Roslund, P. and Laurikko, J. and Nylund, N. O. and Karjalainen, P. and R{\"{o}}nkk{\"{o}}, T. and Timonen, H.},
    month = {9},
    volume = {236},
    publisher = {Elsevier Ltd},
    doi = {10.1016/j.atmosenv.2020.117643},
    issn = {18732844},
    keywords = {Alternative fuels, Anions, Cars, EC, Emissions, Formaldehyde, Mutagenicity, Oxidative potential, PAH, Particles, Semivolatile}
}

@article{becker2019,
    title = {{Consequences of forced migration: A survey of recent findings ✩}},
    year = {2019},
    journal = {Labour Economics},
    author = {Becker, Sascha O and Ferrara, Andreas},
    pages = {1--16},
    volume = {59},
    url = {http://doi.org/10.3886/E108422V1},
    doi = {10.3886/E108422V1},
    keywords = {Disasters, Forced migration, Uprootedness, Wars}
}

@techreport{rubin1985,
    title = {{Constructing a Control Group Using Multivariate Matched Sampling Methods That Incorporate the Propensity Score}},
    year = {1985},
    booktitle = {Source: The American Statistician},
    author = {Rosenbaum, Paul R and Rubin, Donald B},
    number = {1},
    pages = {33--38},
    volume = {39},
    isbn = {202407:03:02}
}

@techreport{convention1951,
    title = {{Convention and protocol relating to the Status of Refugees}},
    year = {1951},
    author = {{Geneva Convention}},
    institution = {United Nations},
    address = {Geneva}
}

@misc{dublinconvention,
    title = {{Convention determining the State responsible for examining applications for asylum lodged in one of the Member States of the European Communities}},
    year = {1990},
    author = {{European Union}},
    month = {6},
    publisher = {European Community},
    url = {https://www.refworld.org/legal/agreements/eu/1990/en/36990},
    address = {Brussels}
}

@article{sen2015,
    title = {{Corporate governance, environmental regulations, and technological change}},
    year = {2015},
    journal = {European Economic Review},
    author = {Sen, Suphi},
    month = {11},
    pages = {36--61},
    volume = {80},
    publisher = {Elsevier},
    doi = {10.1016/j.euroecorev.2015.08.004},
    issn = {00142921},
    keywords = {Corporate governance, Environmental regulations, Porter Hypothesis, Technological change}
}

@article{lopez2017,
    title = {{Corporate investments and environmental regulation: The role of regulatory uncertainty, regulation-induced uncertainty, and investment history}},
    year = {2017},
    journal = {European Management Journal},
    author = {Rodriguez Lopez, Juan Miguel and Sakhel, Alice and Busch, Timo},
    number = {1},
    month = {2},
    pages = {91--101},
    volume = {35},
    publisher = {Elsevier Ltd},
    doi = {10.1016/j.emj.2016.06.004},
    issn = {02632373},
    keywords = {Corporate investment, EU emissions trading system, Environmental regulation, Investment history, Regulation-related uncertainty}
}

@techreport{senate2018,
    title = {{Decreto-legge immigrazione e sicurezza pubblica}},
    year = {2018},
    author = {{Senato della Repubblica}},
    month = {11},
    institution = {Senato della Repubblica Italiana},
    address = {Rome},
    isbn = {0667609148}
}

@article{callaway2021,
    title = {{Difference-in-Differences with multiple time periods}},
    year = {2021},
    journal = {Journal of Econometrics},
    author = {Callaway, Brantly and Sant'Anna, Pedro H.C.},
    number = {2},
    month = {12},
    pages = {200--230},
    volume = {225},
    publisher = {Elsevier Ltd},
    doi = {10.1016/j.jeconom.2020.12.001},
    issn = {18726895},
    arxivId = {1803.09015},
    keywords = {Difference-in-Differences, Doubly robust, Dynamic treatment effects, Event study, Semi-parametric, Treatment effect heterogeneity, Variation in treatment timing}
}

@article{ruiz2018,
    title = {{Differences in labour market outcomes between natives, refugees and other migrants in the UK}},
    year = {2018},
    journal = {Journal of Economic Geography},
    author = {Ruiz, Isabel and Vargas-Silva, Carlos},
    number = {4},
    month = {7},
    pages = {855--885},
    volume = {18},
    publisher = {Oxford University Press},
    doi = {10.1093/jeg/lby027},
    issn = {14682710},
    keywords = {Immigration, Labour markets, Refugees, UK}
}

@article{hille2019,
    title = {{Do energy prices affect employment? Decomposed international evidence}},
    year = {2019},
    journal = {Journal of Environmental Economics and Management},
    author = {Hille, Erik and M{\"{o}}bius, Patrick},
    month = {7},
    pages = {1--21},
    volume = {96},
    publisher = {Academic Press Inc.},
    doi = {10.1016/j.jeem.2019.04.002},
    issn = {10960449},
    keywords = {Climate policy, Employment, Energy prices, Shadow prices}
}

@article{khan2013,
    title = {{Do local energy prices and regulation affect the geographic concentration of employment?}},
    year = {2013},
    journal = {Journal of Public Economics},
    author = {Kahn, Matthew E. and Mansur, Erin T.},
    number = {1},
    month = {5},
    pages = {105--114},
    volume = {101},
    doi = {10.1016/j.jpubeco.2013.03.002},
    issn = {00472727},
    keywords = {Electricity prices, Manufacturing employment, Regulation}
}

@article{liu2017,
    title = {{Does environmental regulation affect labor demand in China? Evidence from the textile printing and dyeing industry}},
    year = {2017},
    journal = {Journal of Environmental Economics and Management},
    author = {Liu, Mengdi and Shadbegian, Ronald and Zhang, Bing},
    month = {11},
    pages = {277--294},
    volume = {86},
    publisher = {Academic Press Inc.},
    doi = {10.1016/j.jeem.2017.05.008},
    issn = {10960449},
    keywords = {Employment, Environmental regulation, Pollution reduction}
}

@article{pavel2017,
    title = {{Does environmental regulation indirectly induce upstream innovation? New evidence from India}},
    year = {2017},
    journal = {Research Policy},
    author = {Chakraborty, Pavel and Chatterjee, Chirantan},
    number = {5},
    month = {6},
    pages = {939--955},
    volume = {46},
    publisher = {Elsevier B.V.},
    doi = {10.1016/j.respol.2017.03.004},
    issn = {00487333},
    keywords = {Dye-producing firms, India, Innovation, R{\&}D expenditure, Technology transfer, ‘Azo-dyes’ ban}
}

@book{coglianese2014,
    title = {{Does Regulation Kill Jobs?}},
    year = {2014},
    author = {Coglianese, Cary and Finkel, Adam M and Carrigan, Christopher},
    pages = {},
    publisher = {University of Pennsylvania Press, Inc},
    address = {Philadelphia},
    isbn = {0812245768},
    keywords = {2009, BUSINESS {\&} ECONOMICS, Economic Policy, Economic aspects, Economic conditions, Government {\&} Business, Industrial laws and legislation, POLITICAL SCIENCE, Public Policy, Trade regulation, Unemployment, United States},
    language = {eng}
}

@article{pan2019,
    title = {{Dynamic relationship among environmental regulation, technological innovation and energy efficiency based on large scale provincial panel data in China}},
    year = {2019},
    journal = {Technological Forecasting and Social Change},
    author = {Pan, Xiongfeng and Ai, Bowei and Li, Changyu and Pan, Xianyou and Yan, Yaobo},
    month = {7},
    pages = {428--435},
    volume = {144},
    publisher = {Elsevier Inc.},
    doi = {10.1016/j.techfore.2017.12.012},
    issn = {00401625},
    keywords = {Command control environmental regulation, Dynamic relationship, Energy efficiency, Market incentive environmental regulation, Technological innovation}
}

@techreport{mckinsey2017,
    title = {{Dynamics in the global electric vehicle market}},
    year = {2017},
    author = {{Hertzke Patrick} and {M{\"{u}}ller Nicolai} and {Schenk Stephanie}},
    month = {7},
    institution = {McKinsey Center for Future Mobility}
}

@article{blackman2018,
    title = {{Efficacy of Command-and-Control and Market-Based Environmental Regulation in Developing Countries}},
    year = {2018},
    author = {Blackman, Allen and Li, Zhengyan and Liu, Antung A},
    pages = {1},
    volume = {7},
    url = {https://doi.org/10.1146/annurev-resource-},
    doi = {10.1146/annurev-resource},
    keywords = {JEL codes: O13, O18, Q01, Q53, Q56 Keywords command-and-control, developing country, market-based instruments}
}

@article{lanoie2011,
    title = {{Environmental policy, innovation and performance: New insights on the porter hypothesis}},
    year = {2011},
    journal = {Journal of Economics and Management Strategy},
    author = {Lanoie, Paul and Laurent-Lucchetti, Jérémy and Johnstone, Nick and Ambec, Stefan},
    number = {3},
    month = {9},
    pages = {803--842},
    volume = {20},
    doi = {10.1111/j.1530-9134.2011.00301.x},
    issn = {10586407}
}

@techreport{johnstonelabonne2006,
    title = {{ENVIRONMENTAL POLICY, MANAGEMENT AND R{\&}D}},
    year = {2006},
    author = {Johnstone, Nick and Labonne, Julien},
    url = {www.oecd.org/env/cpe/firms}
}

@article{jaffe1997,
    title = {{Environmental Regulation and Innovation: A Panel Data Study}},
    year = {1997},
    journal = {The Review of Economics and Statistics},
    author = {Jaffe, Adam B and Palmer, Karen},
    number = {4},
    pages = {610--619},
    volume = {79},
    publisher = {The MIT Press},
    url = {http://www.jstor.org/stable/2951413},
    issn = {00346535, 15309142}
}

@techreport{bermanbui2001,
    title = {{Environmental regulation and labor demand: evidence from the South Coast Air Basin}},
    year = {2001},
    booktitle = {Journal of Public Economics},
    author = {Berman, Eli and Bui, Linda T M},
    pages = {265--295},
    volume = {79},
    url = {www.elsevier.nl/locate/econbase},
    keywords = {Air quality, Effects JEL classification: J0, Employment, Environmental regulations, J4, L5, L6}
}

@article{yang2018,
    title = {{Environmental regulation and the Pollution Haven Hypothesis: Do environmental regulation measures matter?}},
    year = {2018},
    journal = {Journal of Cleaner Production},
    author = {Yang, Jing and Guo, Huanxiu and Liu, Beibei and Shi, Rui and Zhang, Bing and Ye, Weili},
    month = {11},
    pages = {993--1000},
    volume = {202},
    publisher = {Elsevier Ltd},
    doi = {10.1016/j.jclepro.2018.08.144},
    issn = {09596526},
    keywords = {Environmental regulation, Location choice, Pollution haven hypothesis}
}

@article{hamamoto2006,
    title = {{Environmental regulation and the productivity of Japanese manufacturing industries}},
    year = {2006},
    journal = {Resource and Energy Economics},
    author = {Hamamoto, Mitsutsugu},
    number = {4},
    month = {11},
    pages = {299--312},
    volume = {28},
    doi = {10.1016/j.reseneeco.2005.11.001},
    issn = {09287655},
    keywords = {Capital stock age, Porter hypothesis, R{\&}D, Total factor productivity}
}

@article{zhong2021,
    title = {{Environmental regulation benefits for whom? Heterogeneous effects of the intensity of the environmental regulation on employment in China}},
    year = {2021},
    journal = {Journal of Environmental Management},
    author = {Zhong, Shihu and Xiong, Yunjun and Xiang, Guocheng},
    month = {3},
    volume = {281},
    publisher = {Academic Press},
    doi = {10.1016/j.jenvman.2020.111877},
    keywords = {Double dividend, Dynamic spatial durbin model, Employment, Environmental regulation intensity, High-skilled labour, Low-skilled labour}
}

@article{gray1998,
    title = {{Environmental regulation, investment timing, and technology choice}},
    year = {1998},
    journal = {Journal of Industrial Economics},
    author = {Gray, Wayne B. and Shadbegian, Ronald J.},
    number = {2},
    pages = {235--256},
    volume = {46},
    publisher = {Blackwell Publishing Ltd},
    doi = {10.1111/1467-6451.00070},
    issn = {00221821}
}

@techreport{gollop1983,
    title = {{Environmental Regulations and Productivity Growth: The Case of Fossil-fueled Electric Power Generation}},
    year = {1983},
    author = {Gollop Boston, Frank M and Mark, Jcollege and Roberts, J},
    number = {41},
    pages = {1954--2001},
    volume = {91}
}

@techreport{bovenberg2002,
    title = {{ENVIRONMENTAL TAXATION AND REGULATION*}},
    year = {2002},
    author = {Bovenberg, A Lans and Goulder, Lawrence H}
}

@techreport{goulder1995,
    title = {{Environmental Taxation and the Double Dividend: A Reader's Guide}},
    year = {1995},
    booktitle = {International Tax and Public Finance},
    author = {Goulder, Lawrence H},
    pages = {157--183},
    volume = {2},
    keywords = {double-dividend, environmental tax reform, environmental taxation, general equilibrium tax analysis, second-best environmental taxation}
}

@techreport{carraro1996,
    title = {{Environmental taxation and unemployment: Some evidence on the 'double dividend hypothesis' in Europe}},
    year = {1996},
    booktitle = {Journal of Public Economics},
    author = {Carraro, Carlo and Galeotti, Marzio and Gallo, Massimo},
    pages = {141--181},
    volume = {62},
    keywords = {D60, Employment, Environment, H23, J21, Policy JEL c?a3{\~{}}fication: C5{\~{}}), Q43, Taxation: Growth}
}

@techreport{guiradon2000,
    title = {{European Integration and Migration Policy: Vertical Policy-making as Venue Shopping}},
    year = {2000},
    booktitle = {Journal of Common Market Studies},
    author = {Guiraudon, Virginie},
    number = {2},
    pages = {251--71},
    volume = {38}
}

@article{cordella2019,
    title = {{Firms' and states’ responses to laxer environmental standards}},
    year = {2019},
    journal = {Journal of Environmental Economics and Management},
    author = {Cordella, Tito and Devarajan, Shantayanan},
    month = {11},
    volume = {98},
    publisher = {Academic Press Inc.},
    doi = {10.1016/j.jeem.2019.102275},
    issn = {10960449},
    keywords = {Environmental policies, Paris agreement, Policy reversal, Subnational regulation, Technology adoption}
}

@article{becker2020,
    title = {{Forced migration and human capital: Evidence from post-WWII population transfers†}},
    year = {2020},
    journal = {American Economic Review},
    author = {Becker, Sascha O. and Grosfeld, Irena and Grosjean, Pauline and Voigtl{\"{a}}nder, Nico and Zhuravskaya, Ekaterina},
    number = {5},
    month = {5},
    pages = {1430--1463},
    volume = {110},
    publisher = {American Economic Association},
    doi = {10.1257/aer.20181518},
    issn = {19447981}
}

@techreport{chevalier2023,
    title = {{Forced Migration and Local Public Policies: Evidence from Post-War West Germany *}},
    year = {2023},
    author = {Chevalier, Arnaud and Elsner, Benjamin and Lichter, Andreas and Pestel, Nico},
    keywords = {D72, H71, H72, J61, forced migration JEL Codes: D31, social welfare, taxation, voting}
}

@techreport{bauer2017,
    title = {{Forced Migration and Mortality}},
    year = {2017},
    author = {Bauer, Thomas K and Giesecke, Matthias and Janisch, Laura M},
    month = {10},
    url = {www.iza.org},
    institution = {Institute of Labor Economics},
    address = {Bonn}
}

@article{olabi2020,
    title = {{Fuel cell application in the automotive industry and future perspective}},
    year = {2021},
    journal = {Energy},
    author = {Olabi, A. G. and Wilberforce, Tabbi and Abdelkareem, Mohammad Ali},
    month = {1},
    volume = {214},
    publisher = {Elsevier Ltd},
    doi = {10.1016/j.energy.2020.118955},
    issn = {03605442},
    keywords = {Automotive industry, Energy storage, Fuel cell electric vehicle, Hydrogen economy, Proton exchange membrane fuel cells}
}

@techreport{gevo2023,
    title = {{Global EV Outlook 2023: Catching up with climate ambitions}},
    year = {2023},
    author = {Alsauskas, Oskaras and {Connelly. Elizabeth} and Daou, Andrew and Gouy, Alexandre and Huismans, Mathilde and Kim, Hyeji and Le Marois, Jean-Baptiste and McDonagh, Shane and Petropoulos, Apostolos and Teter, Jacob},
    url = {www.iea.org},
    institution = {International Energy Agency},
    keywords = {Global EV Outlook 2023: Catching up with climate ambitions}
}

@techreport{hamilton2011,
    title = {{Green Jobs: Electric Vehicles Careers in Electric Vehicles}},
    year = {2011},
    author = {Hamilton, James},
    month = {9},
    institution = {Bureau of Labor Statistics},
    keywords = {electric vehicles, green careers}
}

@article{fabrizi2018,
    title = {{Green patents, regulatory policies and research network policies}},
    year = {2018},
    journal = {Research Policy},
    author = {Fabrizi, Andrea and Guarini, Giulio and Meliciani, Valentina},
    number = {6},
    month = {7},
    pages = {1018--1031},
    volume = {47},
    publisher = {Elsevier B.V.},
    doi = {10.1016/j.respol.2018.03.005},
    issn = {00487333},
    keywords = {Green patents, Policy mix, Porter hypothesis, Research networks}
}

@article{fabrizi2018b,
    title = {{Green patents, regulatory policies and research network policies}},
    year = {2018},
    journal = {Research Policy},
    author = {Fabrizi, Andrea and Guarini, Giulio and Meliciani, Valentina},
    number = {6},
    month = {7},
    pages = {1018--1031},
    volume = {47},
    publisher = {Elsevier B.V.},
    doi = {10.1016/j.respol.2018.03.005},
    issn = {00487333},
    keywords = {Green patents, Policy mix, Porter hypothesis, Research networks}
}

@article{epa2011,
    title = {{Greenhouse Gas Emissions Standards and Fuel Efficiency Standards for Medium- and Heavy-Duty Engines and Vehicles}},
    year = {2011},
    journal = {Federal Register},
    author = {{EPA} and {NHTSA}},
    number = {179},
    volume = {76},
    url = {www.regulations.gov}
}

@techreport{yalcin2017,
    title = {{Hidden Protectionism: Non-Tariff Barriers and Implications for International Trade}},
    year = {2017},
    author = {Yalcin, Erdal and Felbermayr, Gabriel and Kinzius, Luisa}
}

@article{proietti2022,
    title = {{Hosting to skim: organized crime and the reception of asylum seekers in Italy}},
    year = {2022},
    journal = {Regional Studies},
    author = {Luca, Davide and Proietti, Paola},
    number = {12},
    pages = {2102--2116},
    volume = {56},
    publisher = {Routledge},
    doi = {10.1080/00343404.2022.2039386},
    issn = {13600591},
    keywords = {asylum seekers, mafia infiltration, organized crime, public procurement, reception centres}
}

@article{zincone1998,
    title = {{Illegality, Enlightenment and Ambiguity: A Hot Italian Recipe}},
    year = {1998},
    journal = {South European Society and Politics},
    author = {Zincone, Giovanna},
    number = {3},
    pages = {45--82},
    volume = {3},
    publisher = {Frank Cass Publishers},
    doi = {10.1080/13608740308539547},
    issn = {13608746}
}

@techreport{zincone2008,
    title = {{IMISCOE Working Paper: Country report Immigrant and immigration policy-making: The case of Italy}},
    year = {2008},
    author = {Zincone, Giovanna and Fieri, Tiziana Caponio},
    institution = {IMISCOE},
    address = {Amsterdam}
}

@article{jofre2016,
    title = {{Immigration and local spending in social services: evidence from a massive immigration wave}},
    year = {2016},
    journal = {International Tax and Public Finance},
    author = {Jofre-Monseny, Jordi and Sorribas-Navarro, Pilar and V{\'{a}}zquez-Grenno, Javier},
    number = {6},
    month = {12},
    pages = {1004--1029},
    volume = {23},
    publisher = {Springer New York LLC},
    doi = {10.1007/s10797-016-9399-y},
    issn = {15736970},
    keywords = {Immigration, Public sector spending, Redistribution, Social services}
}

@article{ambrosini2013,
    title = {{Immigration in Italy: Between Economic Acceptance and Political Rejection}},
    year = {2013},
    journal = {Journal of International Migration and Integration},
    author = {Ambrosini, Maurizio},
    number = {1},
    pages = {175--194},
    volume = {14},
    doi = {10.1007/s12134-011-0231-3},
    issn = {14883473},
    keywords = {Immigration, Integration, Italy, Labor market, Migration policies, Xenophobia}
}

@article{zhang2018,
    title = {{Impact of environmental regulations on green technological innovative behavior: An empirical study in China}},
    year = {2018},
    journal = {Journal of Cleaner Production},
    author = {Zhang, Yu and Wang, Juanru and Xue, Yajiong and Yang, Jin},
    month = {7},
    pages = {763--773},
    volume = {188},
    publisher = {Elsevier Ltd},
    doi = {10.1016/j.jclepro.2018.04.013},
    issn = {09596526},
    keywords = {Cleaner process, End-of-pipe technology, Environmental regulation, Green product, Green technological innovation}
}

@techreport{sun2010,
    title = {{Impacts of tariff and non-tariff trade barriers on the global forest products trade: an application of the Global Forest Product Model}},
    year = {2010},
    booktitle = {International Forestry Review},
    author = {Sun, L and Bogdanski, B E C and Stennes, B and Cornelis Van Kooten, G},
    number = {1},
    pages = {},
    volume = {12},
    keywords = {Forest product markets, impacts of trade restriction, trade barriers, trade modelling, trade policy}
}

@techreport{clarke2020,
    title = {{Implementing the Panel Event Study}},
    year = {2020},
    author = {Clarke, Damien and Schythe, Tapia},
    url = {www.iza.org},
    institution = {Institute of Labor Economics},
    address = {Bonn},
    keywords = {difference-in-differences, estimation, event studies, inference, visualization}
}

@article{martin2014,
    title = {{Industry compensation under relocation risk: A firm-level analysis of the EU emissions trading scheme}},
    year = {2014},
    journal = {American Economic Review},
    author = {Martin, Ralf and Mu{\^{u}}ls, Mirabelle and Laure, Laure B. and Wagner, Ulrich J.},
    number = {8},
    month = {8},
    pages = {2482--2508},
    volume = {104},
    publisher = {American Economic Association},
    doi = {10.1257/aer.104.8.2482},
    issn = {19447981}
}

@incollection{candelo2019,
    title = {{Innovation and digital transformation in the automotive industry}},
    year = {2019},
    booktitle = {International Series in Advanced Management Studies},
    author = {Candelo, Elena},
    pages = {155--173},
    publisher = {Springer Nature},
    doi = {10.1007/978-3-030-15999-3{\_}18},
    issn = {23668822}
}

@article{taylor2012,
    title = {{Innovation under cap-and-trade programs}},
    year = {2012},
    journal = {Proceedings of the National Academy of Sciences of the United States of America},
    author = {Taylor, Margaret R.},
    number = {13},
    month = {3},
    pages = {4804--4809},
    volume = {109},
    doi = {10.1073/pnas.1113462109},
    issn = {00278424},
    pmid = {22411797},
    keywords = {Clean technology, Climate change, Emissions trading, Invention, Technological change}
}

@article{schulze2015,
    title = {{Introduction: Knowledge generation and innovation diffusion in the global automotive industry-change and stability during turbulent times}},
    year = {2015},
    journal = {Industrial and Corporate Change},
    author = {Schulze, Anja and MacDuffie, John Paul and T{\"{a}}ube, Florian A.},
    number = {3},
    month = {6},
    pages = {603--611},
    volume = {24},
    publisher = {Oxford University Press},
    doi = {10.1093/icc/dtv015},
    issn = {14643650}
}

@article{bond2005,
    title = {{Investment, R{\&}D and Financial Constraints in Britain and Germany}},
    year = {2005},
    journal = {Annales d'Economie et de Statistique},
    author = {Bond, Stephen and Harhoff, Dietmar and Van Reenen, John},
    number = {80},
    pages = {433--460},
    volume = {79},
    url = {https://about.jstor.org/terms}
}

@article{schneider1997,
    title = {{Involuntary unemployment and environmental policy: The double dividend hypothesis}},
    year = {1997},
    journal = {Scandinavian Journal of Economics},
    author = {Schneider, Kerstin},
    number = {1},
    pages = {45--59},
    volume = {99},
    publisher = {Blackwell Publishing Ltd},
    doi = {10.1111/1467-9442.00046},
    issn = {03470520}
}

@article{vona2019,
    title = {{Job losses and political acceptability of climate policies: why the ‘job-killing’ argument is so persistent and how to overturn it}},
    year = {2019},
    journal = {Climate Policy},
    author = {Vona, Francesco},
    number = {4},
    month = {4},
    pages = {524--532},
    volume = {19},
    publisher = {Taylor and Francis Ltd.},
    doi = {10.1080/14693062.2018.1532871},
    issn = {17527457},
    keywords = {Climate policies, amplification mechanisms, collective action problems, distributional impacts, employment impacts, political acceptability}
}

@article{morgenstern2002,
    title = {{Jobs versus the environment: An industry-level perspective}},
    year = {2002},
    journal = {Journal of Environmental Economics and Management},
    author = {Morgenstern, Richard D. and Pizer, William A. and Shih, Jhih Shyang},
    number = {3},
    pages = {412--436},
    volume = {43},
    doi = {10.1006/jeem.2001.1191},
    issn = {00950696},
    keywords = {Distribution of environmental costs, Jobs-environment trade-off, Translog cost function}
}

@article{kambourov2009,
    title = {{Labour market regulations and the sectoral reallocation of workers: The case of trade reforms}},
    year = {2009},
    journal = {Review of Economic Studies},
    author = {Kambourov, Gueorgui},
    number = {4},
    pages = {1321--1358},
    volume = {76},
    doi = {10.1111/j.1467-937X.2009.00552.x},
    issn = {00346527}
}

@article{orefice2018,
    title = {{Let's try next door: Technical Barriers to Trade and multi-destination firms}},
    year = {2018},
    journal = {European Economic Review},
    author = {Fontagn{\'{e}}, Lionel and Orefice, Gianluca},
    month = {1},
    pages = {643--663},
    volume = {101},
    publisher = {Elsevier B.V.},
    doi = {10.1016/j.euroecorev.2017.11.002},
    issn = {00142921},
    keywords = {Multi-destination firms, Non-tariff measures, TBT, Trade margins}
}

@article{epa2010,
    title = {{Light-Duty Vehicle Greenhouse Gas Emission Standards and Corporate Average Fuel Economy Standards; Final Rule}},
    year = {2010},
    journal = {Federal Register},
    author = {{EPA} and {NTHSA}},
    number = {88},
    volume = {75},
    url = {http://epa.gov/climatechange/emissions/}
}

@techreport{helmold2021,
    title = {{Management for Professionals New Work, Transformational and Virtual Leadership Lessons from COVID-19 and Other Crises}},
    year = {2021},
    author = {Helmold, Marc},
    url = {http://www.springer.com/series/10101}
}

@article{xie2017,
    title = {{Market-driven automotive industry compliance with fuel economy and greenhouse gas standards: Analysis based on consumer choice}},
    year = {2017},
    journal = {Energy Policy},
    author = {Xie, Fei and Lin, Zhenhong},
    pages = {299--311},
    volume = {108},
    publisher = {Elsevier Ltd},
    doi = {10.1016/j.enpol.2017.05.060},
    issn = {03014215},
    keywords = {Consumer choice, Electric vehicles, Fuel economy standards, Greenhouse gas standards, Light-duty vehicles}
}

@article{cheah2011,
    title = {{Meeting U.S. passenger vehicle fuel economy standards in 2016 and beyond}},
    year = {2011},
    journal = {Energy Policy},
    author = {Cheah, Lynette and Heywood, John},
    number = {1},
    month = {1},
    pages = {454--466},
    volume = {39},
    doi = {10.1016/j.enpol.2010.10.027},
    issn = {03014215},
    keywords = {CAFE standards, Energy efficiency, Technology diffusion}
}

@misc{bossifini2002,
    title = {{Modifica alla normativa in materia di immigrazione e di asilo}},
    year = {2002},
    author = {Bossi, Umberto and Fini, Gianfranco},
    month = {8},
    publisher = {Italian Parliament}
}

@article{scholten2018,
    title = {{Multilevel governance from below: how Dutch cities respond to intra-EU mobility}},
    year = {2018},
    journal = {Journal of Ethnic and Migration Studies},
    author = {Scholten, Peter and Engbersen, Godfried and Ostaijen, Mark van and Snel, Erik},
    number = {12},
    month = {9},
    pages = {2011--2033},
    volume = {44},
    publisher = {Routledge},
    doi = {10.1080/1369183X.2017.1341707},
    issn = {14699451},
    keywords = {European migration, Multilevel governance, free movement, local government, urban consequences}
}

@article{campomori2020,
    title = {{Multilevel governance in trouble: the implementation of asylum seekers’ reception in Italy as a battleground}},
    year = {2020},
    journal = {Comparative Migration Studies},
    author = {Campomori, Francesca and Ambrosini, Maurizio},
    number = {1},
    month = {12},
    volume = {8},
    publisher = {Springer},
    doi = {10.1186/s40878-020-00178-1},
    issn = {2214594X},
    keywords = {Asylum seekers and refugees, Battleground, Multilevel-governance}
}

@article{bolgherini2016,
    title = {{Municipal reaction to functional rescaling in Italy}},
    year = {2018},
    journal = {International Journal of Public Sector Management},
    author = {Bolgherini, Silvia and Casula, Mattia and Marotta, Mariano},
    number = {4},
    pages = {448--465},
    volume = {31},
    publisher = {Emerald Group Publishing Ltd.},
    doi = {10.1108/IJPSM-12-2016-0204},
    issn = {09513558},
    keywords = {Intermunicipal cooperation, Italy, Local government reform, Municipalities, Patterns of conflict, Rescaling}
}

@techreport{hafstead2018,
    title = {{NBER WORKING PAPER SERIES ENVIRONMENTAL POLICY, FULL-EMPLOYMENT MODELS, AND EMPLOYMENT: A CRITICAL ANALYSIS Environmental Policy, Full-Employment Models, and Employment: A Critical Analysis}},
    year = {2018},
    author = {C Hafstead, Marc A and Williams III, Roberton C and Chen, Yunguang},
    url = {http://www.nber.org/papers/w24505},
    keywords = {Environment and Energy Economics}
}

@techreport{demelo2018,
    title = {{Non-Tariff Measures: Data and Quantitative Tools of Analysis Non-Tariff Measures: Data and Quantitative Tools of Analysis}},
    year = {2018},
    author = {De Melo, Jaime and Nicita, Alessandro},
    url = {https://hal.science/hal-01731305}
}

@article{dustmann2017,
    title = {{On the economics and politics of refugee migration}},
    year = {2017},
    journal = {Economic Policy},
    author = {Dustmann, Christian and Fasani, Francesco and Frattini, Tommaso and Minale, Luigi and Sch{\"{o}}nberg, Uta and Sch{\"{o}}, Uta},
    number = {91},
    pages = {497--550},
    volume = {32},
    url = {https://academic.oup.com/economicpolicy/article/32/91/497/4060669}
}

@misc{openpolis2024,
    title = {{Open Bilanci}},
    year = {2024},
    author = {{Fondazione Open Polis}},
    url = {https://openbilanci.it/}
}

@article{ili2010,
    title = {{Open innovation in the automotive industry}},
    year = {2010},
    journal = {R{\&}D Management},
    author = {Ili, Serhan and Albers, Albert and Miller, Sebastian},
    number = {3},
    month = {6},
    pages = {246--255},
    volume = {40},
    doi = {10.1111/j.1467-9310.2010.00595.x},
    issn = {00336807}
}

@techreport{bovenberg1996,
    title = {{Optimal taxation, public goods and environmental policy with involuntary unemployment}},
    year = {1996},
    booktitle = {ECONOMICS FJ{\~{}}EVIER Journal of Public Economics},
    author = {Bovenberg, Lans and Van Der Ploeg, Frederick},
    pages = {59--83},
    volume = {62},
    keywords = {H41:Q28, Public goods: Marginal cost of public funds: Labour taxation: Factor substitution JEL claxsification: E60: H21, Unemployment: Environmental policy: Pollution: Optim{\~{}} taxation}
}

@article{andres2019,
    title = {{Perceived fairness and public acceptability of carbon pricing: a review of the literature}},
    year = {2019},
    journal = {Climate Policy},
    author = {Maestre-Andr{\'{e}}s, Sara and Drews, Stefan and van den Bergh, Jeroen},
    number = {9},
    pages = {1186--1204},
    volume = {19},
    publisher = {Taylor and Francis Ltd.},
    doi = {10.1080/14693062.2019.1639490},
    issn = {17527457},
    keywords = {Carbon tax, cap-and-trade, climate policy, equity, policy support, public perception}
}

@techreport{portney2003,
    title = {{Policy Watch The Economics of Fuel Economy Standards}},
    year = {2003},
    author = {Portney, Paul R and Parry, Ian W H and Gruenspecht, Howard K and Harrington, Winston},
    url = {http://www.eia.doe.gov.}
}

@misc{popp2003,
    title = {{Pollution Control Innovations and the Clean Air Act of 1990}},
    year = {2003},
    booktitle = {Journal of Policy Analysis and Management},
    author = {Popp, David},
    number = {4},
    month = {9},
    pages = {641--660},
    volume = {22},
    doi = {10.1002/pam.10159},
    issn = {02768739}
}

@article{santeramo2021,
    title = {{Price responsiveness of supply and acreage in the EU vegetable oil markets: Policy implications}},
    year = {2021},
    journal = {Land Use Policy},
    author = {Santeramo, Fabio Gaetano and Di Gioia, Leonardo and Lamonaca, Emilia},
    month = {2},
    volume = {101},
    publisher = {Elsevier Ltd},
    doi = {10.1016/j.landusepol.2020.105102},
    issn = {02648377},
    keywords = {Biofuel, Land use change, Price elasticity, Vegetable oils}
}

@techreport{anci2005,
    title = {{Primo rapporto annuale sul sistema di protezione per richiedenti asilo e rifugiati: anno 2005}},
    year = {2006},
    author = {{ANCI}},
    publisher = {Anci servizi},
    isbn = {889022505X}
}

@article{fontagne2015,
    title = {{Product standards and margins of trade: Firm-level evidence}},
    year = {2015},
    journal = {Journal of International Economics},
    author = {Fontagn{\'{e}}, Lionel and Orefice, Gianluca and Piermartini, Roberta and Rocha, Nadia},
    number = {1},
    month = {9},
    pages = {29--44},
    volume = {97},
    publisher = {Elsevier B.V.},
    doi = {10.1016/j.jinteco.2015.04.008},
    issn = {18730353},
    keywords = {Firm heterogeneity, International trade, Multi-product exporters, Non-tariff barriers}
}

@article{becker2014,
    title = {{PUBLIC R{\&}D POLICIES AND PRIVATE R{\&}D INVESTMENT{\_} A SURVEY OF THE EMPIRICAL EVIDENCE}},
    year = {2014},
    journal = {Journal of Economic Surveys (2015)},
    author = {{Becker Bettina}},
    number = {5},
    pages = {917--942},
    volume = {29}
}

@unpublished{hall1992,
    title = {{R{\&}D tax policy during the eighties: success or failure?}},
    year = {1992},
    booktitle = {National Bureau of Economic Research},
    author = {{Hall H. Bronwyn}}
}

@techreport{anci2022,
    title = {{Rapporto Annuale SAI}},
    year = {2022},
    author = {{ANCI}}
}

@article{boavida2021,
    title = {{Recent automation trends in portugal: Implications on industrial productivity and employment in automotive sector}},
    year = {2021},
    journal = {Societies},
    author = {Boavida, Nuno and Candeias, Marta},
    number = {3},
    month = {9},
    volume = {11},
    publisher = {MDPI},
    doi = {10.3390/SOC11030101},
    issn = {20754698},
    keywords = {Artificial intelligence, Automation, Automotive, Automotive industry, Caetano, Car Auto Europa, Citroen, Employment, Industry 4.0, Manufacturing, PSA, Peugeot, Productivity, Renault, Toyota NACE 29.10 and 29.32, Volkswagen}
}

@techreport{marchetti2014,
    title = {{Refugees and forced migrants in Italy: the pendulum between 'emergency' and 'system'}},
    year = {2014},
    booktitle = {REMHU-Rev. Interdiscip. Mobil. Hum},
    author = {Marchetti, Chiara},
    pages = {53--70},
    volume = {43}
}

@techreport{ricardguay2019,
    title = {{Rethinking the economics and the governance of reception of refugees, asylum seekers and other migrants: the case of Italy}},
    year = {2019},
    author = {Ricard-Guay, Alexandra},
    institution = {European University Institute},
    address = {Florence}
}

@article{schwabe2020,
    title = {{Risk and counter-strategies: The impact of electric mobility on German automotive suppliers}},
    year = {2020},
    journal = {Geoforum},
    author = {Schwabe, Julian},
    month = {3},
    pages = {157--167},
    volume = {110},
    publisher = {Elsevier Ltd},
    doi = {10.1016/j.geoforum.2020.02.011},
    issn = {00167185},
    keywords = {Automotive suppliers, Electric mobility, Forging, Foundry, Global production networks, Global value chains}
}

@article{abadie2010,
    title = {{Synthetic control methods for comparative case studies: Estimating the effect of California's Tobacco control program}},
    year = {2010},
    journal = {Journal of the American Statistical Association},
    author = {Abadie, Alberto and Diamond, Alexis and Hainmueller, And Jens},
    number = {490},
    month = {6},
    pages = {493--505},
    volume = {105},
    doi = {10.1198/jasa.2009.ap08746},
    issn = {01621459},
    keywords = {Observational studies, Proposition 99, Tobacco control legislation, Treatment effects}
}

@article{arkhangelsky2021,
    title = {{Synthetic Difference-in-Differences}},
    year = {2021},
    journal = {American Economic Review},
    author = {Arkhangelsky, Dmitry and Athey, Susan and Hirshberg, David A. and Imbens, Guido W. and Wager, Stefan},
    number = {12},
    month = {12},
    pages = {4088--4118},
    volume = {111},
    publisher = {American Economic Association},
    doi = {10.1257/aer.20190159},
    issn = {0002-8282}
}

@techreport{navaretti2020,
    title = {{TBTs, Firm Organization and Labour Structure}},
    year = {2020},
    author = {Navaretti, Giorgio Barba},
    url = {www.RePEc.org},
    keywords = {CESifo Working Paper no. 8494, labor demand, non-tariff measures, skill composition, trade barriers}
}

@article{singh2021,
    title = {{Technical regulations, intermediate inputs, and performance of firms: Evidence from India}},
    year = {2021},
    journal = {Journal of International Economics},
    author = {Singh, Rahul and Chanda, Rupa},
    month = {1},
    volume = {128},
    publisher = {Elsevier B.V.},
    doi = {10.1016/j.jinteco.2020.103412},
    issn = {18730353},
    keywords = {Intermediate inputs, Marginal cost, Markup, NTMs, TBTs}
}

@article{longo2016,
    title = {{Territorial government reforms at the time of financial crisis: the dawn of metropolitan cities in Italy}},
    year = {2016},
    journal = {Regional and Federal Studies},
    author = {Longo, Erik and Mobilio, Giuseppe},
    number = {4},
    month = {8},
    pages = {509--530},
    volume = {26},
    publisher = {Routledge},
    doi = {10.1080/13597566.2016.1210603},
    issn = {17439434},
    keywords = {Italian Constitutional Court, Metropolitan cities, intermediate local authorities, regionalism, territorial government}
}

@techreport{cole1984,
    title = {{The American Automobile Industry: Rebirth or Requiem?}},
    author = {Cole, Robert E}
}

@article{ambrosini2021,
    title = {{The battleground of asylum and immigration policies: a conceptual inquiry}},
    year = {2021},
    journal = {Ethnic and Racial Studies},
    author = {Ambrosini, Maurizio},
    number = {3},
    pages = {374--395},
    volume = {44},
    publisher = {Routledge},
    doi = {10.1080/01419870.2020.1836380},
    issn = {14664356},
    keywords = {Asylum, cities, civil society, immigration policies, solidarity, xenophobic movements}
}

@article{lott2023,
    title = {{The Dublin Convention and the Introduction of the ‘First Entry Rule’ in the Allocation of Asylum Seekers in Europe}},
    year = {2023},
    journal = {Contemporary European History},
    author = {Lott, Gaia},
    number = {3},
    month = {8},
    pages = {459--474},
    volume = {32},
    publisher = {Cambridge University Press},
    doi = {10.1017/S0960777321000746},
    issn = {14692171}
}

@techreport{abadie2003,
    title = {{The Economic Costs of Conflict: A Case Study of the Basque Country who study the effects of terrorism on tourism and foreign direct investment in Spain. 113}},
    year = {2003},
    author = {Abadie, Alberto and Gardeazabal, Javier and Kennedy, John F and Angrist, Josh and Duflo, Esther and Heckman, Jim and Hern{\'{a}}n, Miguel and Angel Mart{\'{i}}nez, Miguel and De Motta, Adolfo and Rodrik, Dani and Rubio, Gonzalo and Saez, Emmanuel and Sandler, Todd and Stock, Jim and Ventura, Jaume and Viceira, Luis and Zeckhauser, Richard}
}

@article{bauer2013,
    title = {{The Economic Integration of Forced Migrants: Evidence for Post‐War Germany}},
    year = {2013},
    journal = {The Economic Journal},
    author = {Bauer, Thomas K. and Braun, Sebastian and Kvasnicka, Michael},
    number = {571},
    month = {9},
    pages = {998--1024},
    volume = {123},
    publisher = {Oxford University Press (OUP)},
    doi = {10.1111/ecoj.12023},
    issn = {0013-0133}
}

@article{raff2020,
    title = {{The effect of environmental enforcement on labor: environmental workers and production workers}},
    year = {2020},
    journal = {Journal of Regulatory Economics},
    author = {Raff, Zach and Earnhart, Dietrich},
    number = {2},
    month = {4},
    pages = {118--133},
    volume = {57},
    publisher = {Springer},
    doi = {10.1007/s11149-019-09398-5},
    issn = {15730468},
    keywords = {Clean Water Act, Enforcement, Environmental labor, Environmental regulation}
}

@article{bracco2018,
    title = {{The effect of far right parties on the location choice of immigrants: Evidence from Lega Nord Mayors}},
    year = {2018},
    journal = {Journal of Public Economics},
    author = {Bracco, Emanuele and De Paola, Maria and Green, Colin P. and Scoppa, Vincenzo},
    month = {10},
    pages = {12--26},
    volume = {166},
    publisher = {Elsevier B.V.},
    doi = {10.1016/j.jpubeco.2018.07.012},
    issn = {00472727},
    keywords = {Geographical Mobility, Immigration, Political economy, Regression discontinuity design, Voting behaviour}
}

@article{labanca2020,
    title = {{The effects of a temporary migration shock: Evidence from the Arab Spring migration through Italy}},
    year = {2020},
    journal = {Labour Economics},
    author = {Labanca, Claudio},
    month = {12},
    volume = {67},
    publisher = {Elsevier B.V.},
    doi = {10.1016/j.labeco.2020.101903},
    issn = {09275371},
    keywords = {Arab Spring, Italy, Local Labour Markets, Migration, Native Employment}
}

@article{hinrichs2012,
    title = {{THE EFFECTS OF AFFIRMATIVE ACTION BANS ON COLLEGE ENROLLMENT, EDUCATIONAL ATTAINMENT, AND THE DEMOGRAPHIC COMPOSITION OF UNIVERSITIES}},
    year = {2012},
    journal = {The Review of Economics and Statistics},
    author = {Hinrichs, Peter},
    number = {3},
    pages = {712--722},
    volume = {94},
    url = {http://direct.mit.edu/rest/article-pdf/94/3/712/1916971/rest_a_00170.pdf},
    isbn = {94/3/712/1916971}
}

@techreport{megalokonomou2023,
    title = {{The Effects of Exposure to Refugees on Crime: Evidence from the Greek Islands}},
    year = {2023},
    author = {Megalokonomou, Rigissa and Vasilakis, Chrysovalantis},
    url = {www.RePEc.org},
    keywords = {CESifo Working Paper no. 10706, Greek islands, crime, difference-in-differences, instrumental variable, migration, natural experiment, shiftshare}
}

@article{buenovalente2019,
    title = {{The effects of pricing waste generation: A synthetic control approach}},
    year = {2019},
    journal = {Journal of Environmental Economics and Management},
    author = {Bueno, Matheus and Valente, Marica},
    month = {7},
    pages = {274--285},
    volume = {96},
    publisher = {Academic Press Inc.},
    doi = {10.1016/j.jeem.2019.06.004},
    issn = {10960449},
    keywords = {Policy endogeneity, Selection on unobservables, Synthetic controls, Unit pricing, Waste generation}
}

@techreport{grieco2021,
    title = {{The Evolution of Market Power in the US Auto Industry The Evolution of Market Power in the US Auto Industry *}},
    year = {2021},
    author = {Grieco, Paul L E and Murry, Charles and Yurukoglu, Ali},
    url = {http://www.nber.org/papers/w29013},
    keywords = {D43, JEL Codes: L11, L62}
}

@article{ruist2015,
    title = {{The Fiscal Cost of Refugee Immigration: The Example of Sweden}},
    year = {2015},
    journal = {Population and Development Review},
    author = {Ruist, Joakim},
    number = {4},
    month = {12},
    pages = {567--581},
    volume = {41},
    publisher = {Blackwell Publishing Ltd},
    doi = {10.1111/j.1728-4457.2015.00085.x},
    issn = {17284457}
}

@techreport{senses2022,
    title = {{The fiscal impact of immigration in the United States: Evidence at the local level *}},
    year = {2022},
    author = {Mayda, Anna Maria and Senses, Mine Z and Steingress, Walter},
    keywords = {Fiscal Effects, Immigration, Public Expenditures, Tax Revenues, Welfare State}
}

@article{martin2014b,
    title = {{The impact of a carbon tax on manufacturing: Evidence from microdata}},
    year = {2014},
    journal = {Journal of Public Economics},
    author = {Martin, Ralf and de Preux, Laure B. and Wagner, Ulrich J.},
    pages = {1--14},
    volume = {117},
    publisher = {Elsevier},
    doi = {10.1016/j.jpubeco.2014.04.016},
    issn = {00472727},
    keywords = {Carbon tax, Climate change levy, Energy use, Manufacturing, Policy evaluation, UK}
}

@techreport{henderson1997,
    title = {{The Impact of Air Quality Regulation on Industrial Location}},
    year = {1997},
    author = {Henderson, Vernon},
    number = {45},
    pages = {123--137},
    url = {https://www.jstor.org/stable/20076052}
}

@techreport{bento2015,
    title = {{The Impact of CAFE Standards on Innovation in the US Automobile Industry}},
    year = {2015},
    author = {Bento, Antonio M and Roth, Kevin D and Wang, Yiwei}
}

@article{alexander2022,
    title = {{The Impact of Car Pollution on Infant and Child Health: Evidence from Emissions Cheating}},
    year = {2022},
    journal = {Review of Economic Studies},
    author = {Alexander, Diane and Schwandt, Hannes},
    number = {6},
    month = {11},
    pages = {2872--2910},
    volume = {89},
    publisher = {Oxford University Press},
    doi = {10.1093/restud/rdac007},
    issn = {1467937X},
    keywords = {Asthma, Car pollution, Child health, Emissions-cheating, Fine particulate matter, I10, I14, Infant, Infant mortality, J13, K32, Low birth weight}
}

@article{marinvona2021,
    title = {{The impact of energy prices on socioeconomic and environmental performance: Evidence from French manufacturing establishments, 1997–2015}},
    year = {2021},
    journal = {European Economic Review},
    author = {Marin, Giovanni and Vona, Francesco},
    month = {6},
    volume = {135},
    publisher = {Elsevier B.V.},
    doi = {10.1016/j.euroecorev.2021.103739},
    issn = {00142921},
    keywords = {Distributional effects, Employment, Energy prices, Environmental and economic performance, Establishment-level analysis, Porter hypothesis, Skills}
}

@article{bergek2014,
    title = {{The impact of environmental policy instruments on innovation: A review of energy and automotive industry studies}},
    year = {2014},
    journal = {Ecological Economics},
    author = {Bergek, Anna and Berggren, Christian},
    pages = {112--123},
    volume = {106},
    publisher = {Elsevier B.V.},
    doi = {10.1016/j.ecolecon.2014.07.016},
    issn = {09218009},
    keywords = {Environmental policy, Innovation, Policy instruments}
}

@article{gerdes2011,
    title = {{The Impact of Immigration on the Size of Government: Empirical Evidence from Danish Municipalities}},
    year = {2011},
    journal = {Source: The Scandinavian Journal of Economics},
    author = {Gerdes, Christer},
    number = {1},
    pages = {74--92},
    volume = {113},
    doi = {10.1111/j.l}
}

@article{afcha2016,
    title = {{The impact of R{\&}D subsidies on R{\&}D employment composition}},
    year = {2016},
    journal = {Industrial and Corporate Change},
    author = {Afcha, Sergio and Garc{\'{i}}a-Quevedo, Jose},
    number = {6},
    month = {12},
    pages = {955--975},
    volume = {25},
    url = {https://doi.org/10.1093/icc/dtw008},
    doi = {10.1093/icc/dtw008},
    issn = {0960-6491}
}

@article{wangmiao2021,
    title = {{The impact of the corporate average fuel economy standards on technological changes in automobile fuel efficiency}},
    year = {2021},
    journal = {Resource and Energy Economics},
    author = {Wang, Yiwei and Miao, Qing},
    month = {2},
    volume = {63},
    publisher = {Elsevier B.V.},
    doi = {10.1016/j.reseneeco.2020.101211},
    issn = {09287655},
    keywords = {CAFE standards, Fuel economy, Gasoline prices, Technological change}
}

@article{sanna2012,
    title = {{The impact of unilateral climate policy with endogenous plant location and market size asymmetry}},
    year = {2012},
    journal = {Review of International Economics},
    author = {Sanna-Randaccio, Francesca and Sestini, Roberta},
    number = {3},
    month = {8},
    pages = {580--599},
    volume = {20},
    doi = {10.1111/j.1467-9396.2012.01040.x},
    issn = {09657576}
}

@techreport{greenstone2002,
    title = {{The Impacts of Environmental Regulations on Industrial Activity: Evidence from the 1970 and 1977 Clean Air Act Amendments and the Census of Manufactures}},
    year = {2002},
    booktitle = {Journal of Political Economy},
    author = {Greenstone, Michael and Dunne, Tim and Farber, Henry and Gray, Wayne and Haltiwanger, John and Henderson, Vernon and Krueger, Alan and Levy, Helen and McClelland, John and Rosen, Harvey and Rothschild, Michael and Rouse, Cecilia and Timmins, Christopher and Troske, Ken},
    number = {6},
    volume = {110},
    url = {http://www.journals.uchicago.edu/t-and-c}
}

@techreport{luizbeck2011,
    title = {{The kyoto protocol clean development mechanism and its application in an emerging market: The case of South Africa}},
    year = {2011},
    booktitle = {Article in International Journal of Energy, Environment and Economics},
    author = {Luiz, John and Beck, Nigel},
    url = {https://www.researchgate.net/publication/230641389}
}

@techreport{caponio2010,
    title = {{The Local Dimension of Migration Policymaking}},
    year = {2010},
    author = {Caponio, Tiziana and Borkert, Maren},
    url = {www.imiscoe.org.},
    institution = {IMISCOE},
    address = {Amsterdam}
}

@book{scott2021,
    title = {{The Mixtape}},
    year = {2021},
    author = {Cunningham, Scott},
    publisher = {Yale University Press},
    url = {http://www.jstor.org/stable/j.ctv1c29t27},
    isbn = {9780300251685},
    doi = {10.2307/j.ctv1c29t27}
}

@incollection{scholten2016,
    title = {{The Multilevel Governance of Migration and Integration}},
    year = {2016},
    booktitle = {IMISCOE Research Series},
    author = {Scholten, Peter and Penninx, Rinus},
    pages = {91--108},
    publisher = {Springer Science and Business Media B.V.},
    doi = {10.1007/978-3-319-21674-4{\_}6},
    issn = {23644095},
    keywords = {European Union, European Union Institution, European Union Member State, Immigration Policy, Integration Policy}
}

@article{freeman2012,
    title = {{The Obama Administration's national auto policy: lessons from the "car deal"}},
    year = {2012},
    journal = {Harvard Environmental Law Review},
    author = {{Freeman Jody}},
    number = {2},
    pages = {343--374},
    volume = {35}
}

@techreport{autor2006,
    title = {{The Polarization of the U.S. Labor Market}},
    year = {2006},
    author = {Autor, David H and Katz, Lawrence F and Kearney, Melissa S},
    pages = {186--194}
}

@misc{mattioli2020,
    title = {{The political economy of car dependence: A systems of provision approach}},
    year = {2020},
    booktitle = {Energy Research and Social Science},
    author = {Mattioli, Giulio and Roberts, Cameron and Steinberger, Julia K. and Brown, Andrew},
    month = {8},
    volume = {66},
    publisher = {Elsevier Ltd},
    doi = {10.1016/j.erss.2020.101486},
    issn = {22146296},
    keywords = {Automobility, Automotive industry, Car culture, Carbon lock-in, Road building, Transport}
}

@article{chegut2019,
    title = {{The price of innovation: An analysis of the marginal cost of green buildings}},
    year = {2019},
    journal = {Journal of Environmental Economics and Management},
    author = {Chegut, Andrea and Eichholtz, Piet and Kok, Nils},
    month = {11},
    volume = {98},
    publisher = {Academic Press Inc.},
    doi = {10.1016/j.jeem.2019.07.003},
    issn = {10960449},
    keywords = {Building codes, Carbon externality, Construction costs, Energy efficiency, Environmental innovation, Technical change}
}

@article{vollebergh2016,
    title = {{The role of standards in eco-innovation: Lessons for policymakers}},
    year = {2014},
    journal = {Review of Environmental Economics and Policy},
    author = {Vollebergh, Herman R.J. and Van Der Werf, Edwin},
    number = {2},
    month = {7},
    pages = {230--248},
    volume = {8},
    publisher = {University of Chicago Press},
    doi = {10.1093/reep/reu004},
    issn = {17506824}
}

@article{coffin2018,
    title = {{The Supply Chain for Electric Vehicle Batteries}},
    year = {2018},
    journal = {Journal of International Commerce and Economics},
    author = {Coffin, David and Horowitz, Jeff},
    month = {12},
    url = {https://www.usitc.gov/journals.},
    keywords = {David, and Jeff Horowitz "The Supply Chain for Electric Vehicle Batteries", cars, electric vehicles, lithium-ion batteries, motor vehicles, passenger vehicles, supply chain, value chain Suggested citation: Coffin, vehicle batteries}
}

@misc{caponio2018,
    title = {{Theorising migration policy in multilevel states: the multilevel governance perspective}},
    year = {2018},
    booktitle = {Journal of Ethnic and Migration Studies},
    author = {Caponio, Tiziana and Jones-Correa, Michael},
    number = {12},
    month = {9},
    pages = {1995--2010},
    volume = {44},
    publisher = {Routledge},
    doi = {10.1080/1369183X.2017.1341705},
    issn = {14699451}
}

@techreport{porterlinde1995,
    title = {{Toward a New Conception of the Environment-Competitiveness Relationship}},
    year = {1995},
    booktitle = {Journal of Economic Perspectives},
    author = {Porter, Michael E and Van Der Linde, Claas},
    number = {4},
    pages = {97--118},
    volume = {9}
}

@article{porter1991,
    title = {{Towards a Dynamic Theory of  Strategy}},
    year = {1991},
    journal = {Strategic Management Journal},
    author = {Porter, Micheal},
    pages = {95--117},
    volume = {12}
}

@article{porter91,
    title = {{Towards a Dynamic Theory of Strategy}},
    year = {1991},
    journal = {Strategic Management Journal},
    author = {Porter, Michael E},
    number = {},
    pages = {95--117},
    volume = {12},
    publisher = {Wiley},
    url = {http://www.jstor.org/stable/2486436},
    issn = {01432095, 10970266}
}

@techreport{keller2016,
    title = {{Trade and Job Polarization}},
    year = {2016},
    author = {Keller, Wolfgang and Utar, Hâle},
    month = {6},
    url = {http://www.nber.org/papers/w22315},
    institution = {National Bureau of Economic Research},
    address = {Cambridge},
    keywords = {keywords}
}

@article{bloom2016,
    title = {{Trade induced technical change? The impact of chinese imports on innovation, IT and productivity}},
    year = {2016},
    journal = {Review of Economic Studies},
    author = {Bloom, Nicholas and Draca, Mirko and Van Reenen, John},
    number = {1},
    month = {1},
    pages = {87--117},
    volume = {83},
    publisher = {Oxford University Press},
    doi = {10.1093/restud/rdv039},
    issn = {1467937X},
    keywords = {China, Employment, Firm survival, Technical change, Trade}
}

@article{friedrich2022,
    title = {{Trade shocks, firm hierarchies, and wage inequality}},
    year = {2022},
    journal = {Review of Economics and Statistics},
    author = {Friedrich, Benjamin U.},
    number = {4},
    month = {7},
    pages = {652--667},
    volume = {104},
    publisher = {MIT Press Journals},
    doi = {10.1162/rest{\_}a{\_}00998},
    issn = {15309142}
}

@techreport{davis2021,
    title = {{Transportation Energy Data Book: Edition 39}},
    year = {2021},
    author = {Davis, Stacy C and Boundy, Robert Gary},
    url = {https://www.osti.gov/biblio/1767864 https://www.osti.gov/servlets/purl/1767864},
    address = {United States},
    doi = {10.2172/1767864},
    keywords = {29 ENERGY PLANNING, POLICY, AND ECONOMY, 32 ENERGY CONSERVATION, CONSUMPTION, AND UTILIZATION, 33 ADVANCED PROPULSION SYSTEMS},
    language = {English}
}

@techreport{wef2021,
    title = {{Unlocking Larg-Scale, Long-Term Capital for Sustainable Mobility: Introducing Key Mobility Investment Archetypes}},
    year = {2021},
    author = {{World Economic Forum}},
    month = {9},
    institution = {World Economic Forum},
    address = {Geneva}
}

@techreport{lattanzio2021,
    title = {{Vehicle Fuel Economy and Greenhouse Gas Standards: Frequently Asked Questions}},
    year = {2021},
    author = {Lattanzio, Richard K},
    isbn = {3290132919}
}

@article{bu2020,
    title = {{Voluntary environmental regulation and firm innovation in China}},
    year = {2020},
    journal = {Economic Modelling},
    author = {Bu, Maoliang and Qiao, Zhenzi and Liu, Beibei},
    month = {7},
    pages = {10--18},
    volume = {89},
    publisher = {Elsevier B.V.},
    doi = {10.1016/j.econmod.2019.12.020},
    issn = {02649993},
    keywords = {Firm innovation, ISO 14000, Porter hypothesis, Voluntary environmental regulation}
}

@article{tong2020,
    title = {{What are the best combinations of fuel-vehicle technologies to mitigate climate change and air pollution effects across the United States?}},
    year = {2020},
    journal = {Environmental Research Letters},
    author = {Tong, Fan and Azevedo, Inês M.L.},
    number = {7},
    month = {7},
    volume = {15},
    publisher = {Institute of Physics Publishing},
    doi = {10.1088/1748-9326/ab8a85},
    issn = {17489326},
    keywords = {alternative vehicle technology, climate change damages, environmental externality, health damages, passenger car, sports utility vehicle, transit bus}
}

@misc{afv2021,
    title = {{Why is the world not yet ready to use alternative fuel vehicles?}},
    year = {2021},
    booktitle = {Heliyon},
    author = {Ghadikolaei, Meisam Ahmadi and Wong, Pak Kin and Cheung, Chun Shun and Zhao, Jing and Ning, Zhi and Yung, Ka Fu and Wong, Hang Cheong and Gali, Nirmal Kumar},
    number = {7},
    month = {7},
    volume = {7},
    publisher = {Elsevier Ltd},
    doi = {10.1016/j.heliyon.2021.e07527},
    issn = {24058440},
    keywords = {Alternative fuel and vehicle policy, Alternative fuel vehicles, Clean fuels, Consumer purchase intention, Environmental concern, Gasoline and diesel vehicles}
}

@article{sen2017,
    title = {{Will Corporate Average Fuel Economy (CAFE) Standard help? Modeling CAFE's impact on market share of electric vehicles}},
    year = {2017},
    journal = {Energy Policy},
    author = {Sen, Burak and Noori, Mehdi and Tatari, Omer},
    pages = {279--287},
    volume = {109},
    publisher = {Elsevier Ltd},
    doi = {10.1016/j.enpol.2017.07.008},
    issn = {03014215},
    keywords = {Agent-based modeling, CAFE standards, Consumer choice, EV market penetration, Fuel economy}
}

@article{sen2017b,
    title = {{Will Corporate Average Fuel Economy (CAFE) Standard help? Modeling CAFE's impact on market share of electric vehicles}},
    year = {2017},
    journal = {Energy Policy},
    author = {Sen, Burak and Noori, Mehdi and Tatari, Omer},
    pages = {279--287},
    volume = {109},
    publisher = {Elsevier Ltd},
    doi = {10.1016/j.enpol.2017.07.008},
    issn = {03014215},
    keywords = {Agent-based modeling, CAFE standards, Consumer choice, EV market penetration, Fuel economy}
}

@article{2017-25_CAFE_Final_Rule,
    title = {{2017-25{\_}CAFE{\_}Final{\_}Rule}}
}

@misc{Ahmad2018AGermany,
    title = {{A Review of the Electric Vehicle Charging Techniques, Standards, Progression and Evolution of EV Technologies in Germany}},
    year = {2018},
    booktitle = {Smart Science},
    author = {Ahmad, Aqueel and Khan, Zeeshan Ahmad and Saad Alam, Mohammad and Khateeb, Siddique},
    number = {1},
    month = {1},
    pages = {36--53},
    volume = {6},
    publisher = {Taylor and Francis Ltd.},
    doi = {10.1080/23080477.2017.1420132},
    issn = {23080477},
    keywords = {Electric vehicle, National Platform Electromobility Germany, battery electric vehicle, conductive charging, inductive charging, plug-in hybrid vehicle}
}

@article{Austin2011AnStudies,
    title = {{An introduction to propensity score methods for reducing the effects of confounding in observational studies}},
    year = {2011},
    journal = {Multivariate Behavioral Research},
    author = {Austin, Peter C.},
    number = {3},
    month = {5},
    pages = {399--424},
    volume = {46},
    doi = {10.1080/00273171.2011.568786},
    issn = {00273171},
    pmid = {21818162}
}

@techreport{Thomas2017AnalysisClassifications,
    title = {{Analysis of Supply Chain Opportunities for Fuel Cell Buses Using Analysis of Supply Chain Opportunities for Fuel Cell Buses Using Industrial Classifications Industrial Classifications}},
    year = {2017},
    author = {Thomas, Andrew R and Lendel, Iryna and Kanter, Adam},
    url = {https://engagedscholarship.csuohio.edu/urban_facpub},
    institution = {All Maxine Goodman Levin School of Urban Affairs Publications},
    address = {Ohio},
    keywords = {Energy Policy}
}

@misc{BusinessBRDS,
    title = {{Business Research and Development Survey (BRDS)}},
    booktitle = {2022}
}

@misc{OpenPolisFoundation2024CentriDItalia,
    title = {{Centri d'Italia}},
    year = {2024},
    author = {{OpenPolis Foundation}}
}

@article{Bekel2019ProspectiveGermany,
    title = {{Prospective cost and environmental impact assessment of battery and fuel cell electric vehicles in Germany}},
    year = {2019},
    journal = {International Journal of Life Cycle Assessment},
    author = {Bekel, Kai and Pauliuk, Stefan},
    number = {12},
    month = {12},
    pages = {2220--2237},
    volume = {24},
    publisher = {Springer Verlag},
    doi = {10.1007/s11367-019-01640-8},
    issn = {16147502},
    keywords = {Battery electric vehicles, Fuel cell electric vehicles, Life cycle assessment, Life cycle costing, Sustainable transportation, Transport}
}

@article{Onraet2021ReactionsEconomic,
    title = {{Reactions towards Asylum Seekers in the Netherlands: Associations with Right-wing Ideological Attitudes, Threat and Perceptions of Asylum Seekers as Legitimate and Economic}},
    year = {2021},
    journal = {Journal of Refugee Studies},
    author = {Onraet, Emma and Van Hiel, Alain and Valcke, Barbara and Assche, Jasper Van},
    number = {2},
    month = {6},
    pages = {1695--1712},
    volume = {34},
    publisher = {Oxford University Press},
    doi = {10.1093/jrs/fez103},
    issn = {14716925},
    keywords = {Netherlands, authoritarianism, economic asylum seeker, prejudice, social dominance orientation, threat}
}

@article{Mahia2020TheApproach,
    title = {{The short and long-term impact of Syrian refugees on the Turkish economy: a simulation approach}},
    year = {2020},
    journal = {Turkish Studies},
    author = {Mahia, Ramon and de Arce, Rafael and Ko{\c{c}}, Ahmet Ali and B{\"{o}}l{\"{u}}k, Gülden},
    number = {5},
    month = {10},
    pages = {661--683},
    volume = {21},
    publisher = {Routledge},
    doi = {10.1080/14683849.2019.1691920},
    issn = {17439663},
    keywords = {Syrian refugees, Turkish economy, economic impact of migration, migration}
}